@inproceedings {fb-memcache,
author = {Rajesh Nishtala and Hans Fugal and Steven Grimm and Marc Kwiatkowski and Herman Lee and Harry C. Li and Ryan McElroy and Mike Paleczny and Daniel Peek and Paul Saab and David Stafford and Tony Tung and Venkateshwaran Venkataramani},
title = {Scaling Memcache at Facebook},
booktitle = {10th {USENIX} Symposium on Networked Systems Design and Implementation ({NSDI} 13)},
year = {2013},
isbn = {978-1-931971-00-3},
address = {Lombard, IL},
pages = {385--398},
url = {https://www.usenix.org/conference/nsdi13/technical-sessions/presentation/nishtala},
publisher = {{USENIX} Association},
month = apr,
}

@inproceedings {parameter-server,
author = {Mu Li and David G. Andersen and Jun Woo Park and Alexander J. Smola and Amr Ahmed and Vanja Josifovski and James Long and Eugene J. Shekita and Bor-Yiing Su},
title = {Scaling Distributed Machine Learning with the Parameter Server},
booktitle = {11th {USENIX} Symposium on Operating Systems Design and Implementation ({OSDI} 14)},
year = {2014},
isbn = { 978-1-931971-16-4},
address = {Broomfield, CO},
pages = {583--598},
url = {https://www.usenix.org/conference/osdi14/technical-sessions/presentation/li_mu},
publisher = {{USENIX} Association},
month = oct,
}

@article{ramcloud,
 author = {Ousterhout, John and Gopalan, Arjun and Gupta, Ashish and Kejriwal, Ankita and Lee, Collin and Montazeri, Behnam and Ongaro, Diego and Park, Seo Jin and Qin, Henry and Rosenblum, Mendel and et al.},
 title = {The RAMCloud Storage System},
 year = {2015},
 issue_date = {September 2015},
 publisher = {Association for Computing Machinery},
 address = {New York, NY, USA},
 volume = {33},
 number = {3},
 issn = {0734-2071},
 url = {https://doi.org/10.1145/2806887},
 doi = {10.1145/2806887},
 journal = {ACM Trans. Comput. Syst.},
 month = aug,
 articleno = {Article 7},
 numpages = {55},
 keywords = {Datacenters, storage systems, low latency, large-scale systems}
}

@inproceedings{farm-txns,
 author = {Dragojevi{\'c}, Aleksandar and Narayanan, Dushyanth and Nightingale, Edmund B. and Renzelmann, Matthew and Shamis, Alex and Badam, Anirudh and Castro, Miguel},
 title = {No Compromises: Distributed Transactions with Consistency, Availability, and Performance},
 year = {2015},
 isbn = {9781450338349},
 publisher = {Association for Computing Machinery},
 address = {New York, NY, USA},
 url = {https://doi.org/10.1145/2815400.2815425},
 doi = {10.1145/2815400.2815425},
 booktitle = {Proceedings of the 25th Symposium on Operating Systems Principles},
 pages = {54–70},
 numpages = {17},
 location = {Monterey, California},
 series = {SOSP ’15}
}

@inproceedings {splinter,
author = {Chinmay Kulkarni and Sara Moore and Mazhar Naqvi and Tian Zhang and Robert Ricci and Ryan Stutsman},
title = {Splinter: Bare-Metal Extensions for Multi-Tenant Low-Latency Storage},
booktitle = {13th {USENIX} Symposium on Operating Systems Design and Implementation ({OSDI} 18)},
year = {2018},
isbn = {978-1-939133-08-3},
address = {Carlsbad, CA},
pages = {627--643},
url = {https://www.usenix.org/conference/osdi18/presentation/kulkarni},
publisher = {{USENIX} Association},
month = oct,
}
