@inproceedings {fb-memcache,
author = {Rajesh Nishtala and Hans Fugal and Steven Grimm and Marc Kwiatkowski and Herman Lee and Harry C. Li and Ryan McElroy and Mike Paleczny and Daniel Peek and Paul Saab and David Stafford and Tony Tung and Venkateshwaran Venkataramani},
title = {Scaling Memcache at Facebook},
booktitle = {10th {USENIX} Symposium on Networked Systems Design and Implementation ({NSDI} 13)},
year = {2013},
isbn = {978-1-931971-00-3},
address = {Lombard, IL},
pages = {385--398},
url = {https://www.usenix.org/conference/nsdi13/technical-sessions/presentation/nishtala},
publisher = {{USENIX} Association},
month = apr,
}

@inproceedings {parameter-server,
author = {Mu Li and David G. Andersen and Jun Woo Park and Alexander J. Smola and Amr Ahmed and Vanja Josifovski and James Long and Eugene J. Shekita and Bor-Yiing Su},
title = {Scaling Distributed Machine Learning with the Parameter Server},
booktitle = {11th {USENIX} Symposium on Operating Systems Design and Implementation ({OSDI} 14)},
year = {2014},
isbn = { 978-1-931971-16-4},
address = {Broomfield, CO},
pages = {583--598},
url = {https://www.usenix.org/conference/osdi14/technical-sessions/presentation/li_mu},
publisher = {{USENIX} Association},
month = oct,
}

@article{ramcloud,
 author = {Ousterhout, John and Gopalan, Arjun and Gupta, Ashish and Kejriwal, Ankita and Lee, Collin and Montazeri, Behnam and Ongaro, Diego and Park, Seo Jin and Qin, Henry and Rosenblum, Mendel and et al.},
 title = {The RAMCloud Storage System},
 year = {2015},
 issue_date = {September 2015},
 publisher = {Association for Computing Machinery},
 address = {New York, NY, USA},
 volume = {33},
 number = {3},
 issn = {0734-2071},
 url = {https://doi.org/10.1145/2806887},
 doi = {10.1145/2806887},
 journal = {ACM Trans. Comput. Syst.},
 month = aug,
 articleno = {Article 7},
 numpages = {55},
 keywords = {Datacenters, storage systems, low latency, large-scale systems}
}

@inproceedings{farm-txns,
 author = {Dragojevi{\'c}, Aleksandar and Narayanan, Dushyanth and Nightingale, Edmund B. and Renzelmann, Matthew and Shamis, Alex and Badam, Anirudh and Castro, Miguel},
 title = {No Compromises: Distributed Transactions with Consistency, Availability, and Performance},
 year = {2015},
 isbn = {9781450338349},
 publisher = {Association for Computing Machinery},
 address = {New York, NY, USA},
 url = {https://doi.org/10.1145/2815400.2815425},
 doi = {10.1145/2815400.2815425},
 booktitle = {Proceedings of the 25th Symposium on Operating Systems Principles},
 pages = {54–70},
 numpages = {17},
 location = {Monterey, California},
 series = {SOSP ’15}
}

@inproceedings {splinter,
author = {Chinmay Kulkarni and Sara Moore and Mazhar Naqvi and Tian Zhang and Robert Ricci and Ryan Stutsman},
title = {Splinter: Bare-Metal Extensions for Multi-Tenant Low-Latency Storage},
booktitle = {13th {USENIX} Symposium on Operating Systems Design and Implementation ({OSDI} 18)},
year = {2018},
isbn = {978-1-939133-08-3},
address = {Carlsbad, CA},
pages = {627--643},
url = {https://www.usenix.org/conference/osdi18/presentation/kulkarni},
publisher = {{USENIX} Association},
month = oct,
}

@misc{rust,
  key = {Rust},
  title = {{T}he {R}ust {P}rogramming {L}anguage},
  howpublished = {\url{http://www.rust-lang.org/en-US/}},
  note = {Accessed: 2018-09-27},
}

@misc{flow-director,
      Author = {{Intel Corporation.}},
      Howpublished = {\url{http://www.intel.com/content/dam/www/public/us/en/documents/white-papers/intel-ethernet-flow-director.pdf}},
      Title = {{Flow Director}},
      note={Accessed: 2018-09-27},
}

@inproceedings{tao-2013,
  author = {Nathan Bronson and Zach Amsden and George Cabrera and Prasad Chakka
and Peter Dimov and Hui Ding and Jack Ferris and Anthony Giardullo and Sachin
Kulkarni and Harry Li and Mark Marchukov and Dmitri Petrov and Lovro Puzar and
Yee Jiun Song and Venkat Venkataramani},
  title = {{TAO}: {F}acebook's {D}istributed {D}ata {S}tore for the {S}ocial {G}raph},
  booktitle = {Proceedings of the 2013 USENIX Annual Technical Conference},
  series = {USENIX ATC '13},
  year = {2013},
  isbn = {978-1-931971-01-0},
  address = {San Jose, CA},
  pages = {49--60},
  publisher = {USENIX Association},
}

@inproceedings{farm-2014,
 author = {Dragojevi\'{c}, Aleksandar and Narayanan, Dushyanth and Hodson, Orion and Castro, Miguel},
 title = {{FaRM: Fast Remote Memory}},
 booktitle = {Proceedings of the 11th USENIX Conference on Networked Systems Design and Implementation},
 series = {NSDI '14},
 year = {2014},
 isbn = {978-1-931971-09-6},
 location = {Seattle, WA},
 pages = {401--414},
 numpages = {14},
 url = {http://dl.acm.org/citation.cfm?id=2616448.2616486},
 acmid = {2616486},
 publisher = {USENIX Association},
 address = {Berkeley, CA},
}

@inproceedings{mica,
 author = {Lim, Hyeontaek and Han, Dongsu and Andersen, David G. and Kaminsky, Michael},
 title = {{MICA: A Holistic Approach to Fast In-memory Key-value Storage}},
 booktitle = {Proceedings of the 11th USENIX Conference on Networked Systems Design and Implementation},
 series = {NSDI '14},
 year = {2014},
 isbn = {978-1-931971-09-6},
 location = {Seattle, WA},
 pages = {429--444},
 numpages = {16},
 url = {http://dl.acm.org/citation.cfm?id=2616448.2616488},
 acmid = {2616488},
 publisher = {USENIX Association},
 address = {Berkeley, CA},
}

@inproceedings{dynamo,
 author = {DeCandia, Giuseppe and Hastorun, Deniz and Jampani, Madan and Kakulapati, Gunavardhan and Lakshman, Avinash and Pilchin, Alex and Sivasubramanian, Swaminathan and Vosshall, Peter and Vogels, Werner},
 title = {{Dynamo: Amazon's Highly Available Key-value Store}},
 booktitle = {Proceedings of 21st ACM SIGOPS Symposium on Operating Systems Principles},
 series = {SOSP '07},
 year = {2007},
 isbn = {978-1-59593-591-5},
 location = {Stevenson, Washington},
 pages = {205--220},
 numpages = {16},
 url = {http://doi.acm.org/10.1145/1294261.1294281},
 doi = {10.1145/1294261.1294281},
 acmid = {1294281},
 publisher = {ACM},
 address = {New York, NY},
 keywords = {performance, reliability, scalability},
}

@inproceedings{rocksteady,
 author = {Kulkarni, Chinmay and Kesavan, Aniraj and Zhang, Tian and
Ricci, Robert and Stutsman, Ryan},
 title = {{Rocksteady: Fast Migration for Low-latency In-memory Storage}},
 booktitle = {Proceedings of the 26th Symposium on Operating Systems
Principles},
 series = {SOSP '17},
 year = {2017},
 isbn = {978-1-4503-5085-3},
 location = {Shanghai, China},
 pages = {390--405},
 numpages = {16},
 url = {http://doi.acm.org/10.1145/3132747.3132784},
 doi = {10.1145/3132747.3132784},
 acmid = {3132784},
 publisher = {ACM},
 address = {New York, NY},
}

@inproceedings{faster,
 author = {Chandramouli, Badrish and Prasaad, Guna and Kossmann, Donald and Levandoski, Justin and Hunter, James and Barnett, Mike},
 title = {FASTER: A Concurrent Key-Value Store with In-Place Updates},
 booktitle = {Proceedings of the 2018 International Conference on Management of Data},
 series = {SIGMOD '18},
 year = {2018},
 isbn = {978-1-4503-4703-7},
 location = {Houston, TX, USA},
 pages = {275--290},
 numpages = {16},
 url = {http://doi.acm.org/10.1145/3183713.3196898},
 doi = {10.1145/3183713.3196898},
 acmid = {3196898},
 publisher = {ACM},
 address = {New York, NY, USA},
 keywords = {concurrent, hash index, high performance, key-value store, latch-free, log-structured storage},
}

@inproceedings{anna,
 author={C. {Wu} and J. {Faleiro} and Y. {Lin} and J. {Hellerstein}},
 booktitle={2018 IEEE 34th International Conference on Data Engineering (ICDE)},
 title={Anna: A KVS for Any Scale},
 year={2018},
 volume={},
 number={},
 pages={401-412},
}

@inproceedings{flexnic,
 author = {Kaufmann, Antoine and Peter, SImon and Sharma, Naveen Kr. and Anderson, Thomas and Krishnamurthy, Arvind},
 title = {High Performance Packet Processing with FlexNIC},
 year = {2016},
 isbn = {9781450340915},
 publisher = {Association for Computing Machinery},
 address = {New York, NY, USA},
 url = {https://doi.org/10.1145/2872362.2872367},
 doi = {10.1145/2872362.2872367},
 booktitle = {Proceedings of the Twenty-First International Conference on Architectural Support for Programming Languages and Operating Systems},
 pages = {67–81},
 numpages = {15},
 keywords = {DMA, network interface card, match-and-action processing, flexible network processing},
 location = {Atlanta, Georgia, USA},
 series = {ASPLOS ’16}
}

@inproceedings{floem,
 author = {Phothilimthana, Phitchaya Mangpo and Liu, Ming and Kaufmann, Antoine and Peter, Simon and Bodik, Rastislav and Anderson, Thomas},
 title = {Floem: A Programming System for NIC-Accelerated Network Applications},
 year = {2018},
 isbn = {9781931971478},
 publisher = {USENIX Association},
 address = {USA},
 booktitle = {Proceedings of the 12th USENIX Conference on Operating Systems Design and Implementation},
 pages = {663–679},
 numpages = {17},
 location = {Carlsbad, CA, USA},
 series = {OSDI’18}
}

@inproceedings{kvdirect,
 author = {Li, Bojie and Ruan, Zhenyuan and Xiao, Wencong and Lu, Yuanwei and Xiong, Yongqiang and Putnam, Andrew and Chen, Enhong and Zhang, Lintao},
 title = {KV-Direct: High-Performance In-Memory Key-Value Store with Programmable NIC},
 booktitle = {Proceedings of the 26th Symposium on Operating Systems Principles},
 series = {SOSP '17},
 year = {2017},
 isbn = {978-1-4503-5085-3},
 location = {Shanghai, China},
 pages = {137--152},
 numpages = {16},
 url = {http://doi.acm.org/10.1145/3132747.3132756},
 doi = {10.1145/3132747.3132756},
 acmid = {3132756},
 publisher = {ACM},
 address = {New York, NY, USA},
 keywords = {Key-Value Store, Performance, Programmable Hardware},
}

@misc{seastar,
 title = {{Seastar Framework}},
 howpublished = {\url{http://seastar.io}},
 note = {Accessed: 4/22/2020},
}

@book{azure,
author = {Copeland, Marshall and Soh, Julian and Puca, Anthony and Manning, Mike and Gollob, David},
title = {Microsoft Azure: Planning, Deploying, and Managing Your Data Center in the Cloud},
year = {2015},
isbn = {1484210441},
publisher = {Apress},
address = {USA},
edition = {1st}
}

@article{hstore,
 author = {Kallman, Robert and Kimura, Hideaki and Natkins, Jonathan and Pavlo, Andrew and Rasin, Alexander and Zdonik, Stanley and Jones, Evan P. C. and Madden, Samuel and Stonebraker, Michael and Zhang, Yang and Hugg, John and Abadi, Daniel J.},
 title = {{H}-store: {A} {H}igh-performance, {D}istributed {M}ain {M}emory {T}ransaction {P}rocessing {S}ystem},
 journal = {Proc. VLDB Endow.},
 issue_date = {August 2008},
 volume = {1},
 number = {2},
 month = aug,
 year = {2008},
 issn = {2150-8097},
 pages = {1496--1499},
 numpages = {4},
 url = {http://dx.doi.org/10.14778/1454159.1454211},
 doi = {10.14778/1454159.1454211},
 acmid = {1454211},
 publisher = {VLDB Endowment},
}

@article{voltdb,
 author    = {Michael Stonebraker and
              Ariel Weisberg},
 title     = {The VoltDB Main Memory {DBMS}},
 journal   = {{IEEE} Data Eng. Bull.},
 volume    = {36},
 number    = {2},
 pages     = {21--27},
 year      = {2013}
}
