@inproceedings {fb-memcache,
author = {Rajesh Nishtala and Hans Fugal and Steven Grimm and Marc Kwiatkowski and Herman Lee and Harry C. Li and Ryan McElroy and Mike Paleczny and Daniel Peek and Paul Saab and David Stafford and Tony Tung and Venkateshwaran Venkataramani},
title = {Scaling Memcache at Facebook},
booktitle = {10th {USENIX} Symposium on Networked Systems Design and Implementation ({NSDI} 13)},
year = {2013},
isbn = {978-1-931971-00-3},
address = {Lombard, IL},
pages = {385--398},
url = {https://www.usenix.org/conference/nsdi13/technical-sessions/presentation/nishtala},
publisher = {{USENIX} Association},
month = apr,
}

@inproceedings {parameter-server,
author = {Mu Li and David G. Andersen and Jun Woo Park and Alexander J. Smola and Amr Ahmed and Vanja Josifovski and James Long and Eugene J. Shekita and Bor-Yiing Su},
title = {Scaling Distributed Machine Learning with the Parameter Server},
booktitle = {11th {USENIX} Symposium on Operating Systems Design and Implementation ({OSDI} 14)},
year = {2014},
isbn = { 978-1-931971-16-4},
address = {Broomfield, CO},
pages = {583--598},
url = {https://www.usenix.org/conference/osdi14/technical-sessions/presentation/li_mu},
publisher = {{USENIX} Association},
month = oct,
}

@article{ramcloud,
 author = {Ousterhout, John and Gopalan, Arjun and Gupta, Ashish and Kejriwal, Ankita and Lee, Collin and Montazeri, Behnam and Ongaro, Diego and Park, Seo Jin and Qin, Henry and Rosenblum, Mendel and et al.},
 title = {The RAMCloud Storage System},
 year = {2015},
 issue_date = {September 2015},
 publisher = {Association for Computing Machinery},
 address = {New York, NY, USA},
 volume = {33},
 number = {3},
 issn = {0734-2071},
 url = {https://doi.org/10.1145/2806887},
 doi = {10.1145/2806887},
 journal = {ACM Trans. Comput. Syst.},
 month = aug,
 articleno = {Article 7},
 numpages = {55},
 keywords = {Datacenters, storage systems, low latency, large-scale systems}
}

@inproceedings{farm-txns,
 author = {Dragojevi{\'c}, Aleksandar and Narayanan, Dushyanth and Nightingale, Edmund B. and Renzelmann, Matthew and Shamis, Alex and Badam, Anirudh and Castro, Miguel},
 title = {No Compromises: Distributed Transactions with Consistency, Availability, and Performance},
 year = {2015},
 isbn = {9781450338349},
 publisher = {Association for Computing Machinery},
 address = {New York, NY, USA},
 url = {https://doi.org/10.1145/2815400.2815425},
 doi = {10.1145/2815400.2815425},
 booktitle = {Proceedings of the 25th Symposium on Operating Systems Principles},
 pages = {54–70},
 numpages = {17},
 location = {Monterey, California},
 series = {SOSP ’15}
}

@inproceedings {splinter,
author = {Chinmay Kulkarni and Sara Moore and Mazhar Naqvi and Tian Zhang and Robert Ricci and Ryan Stutsman},
title = {Splinter: Bare-Metal Extensions for Multi-Tenant Low-Latency Storage},
booktitle = {13th {USENIX} Symposium on Operating Systems Design and Implementation ({OSDI} 18)},
year = {2018},
isbn = {978-1-939133-08-3},
address = {Carlsbad, CA},
pages = {627--643},
url = {https://www.usenix.org/conference/osdi18/presentation/kulkarni},
publisher = {{USENIX} Association},
month = oct,
}

@misc{rust,
  key = {Rust},
  title = {{T}he {R}ust {P}rogramming {L}anguage},
  howpublished = {\url{http://www.rust-lang.org/en-US/}},
  note = {Accessed: 2018-09-27},
}

@misc{flow-director,
      Author = {{Intel Corporation.}},
      Howpublished = {\url{http://www.intel.com/content/dam/www/public/us/en/documents/white-papers/intel-ethernet-flow-director.pdf}},
      Title = {{Flow Director}},
      note={Accessed: 2018-09-27},
}

@inproceedings{tao-2013,
  author = {Nathan Bronson and Zach Amsden and George Cabrera and Prasad Chakka
and Peter Dimov and Hui Ding and Jack Ferris and Anthony Giardullo and Sachin
Kulkarni and Harry Li and Mark Marchukov and Dmitri Petrov and Lovro Puzar and
Yee Jiun Song and Venkat Venkataramani},
  title = {{TAO}: {F}acebook's {D}istributed {D}ata {S}tore for the {S}ocial {G}raph},
  booktitle = {Proceedings of the 2013 USENIX Annual Technical Conference},
  series = {USENIX ATC '13},
  year = {2013},
  isbn = {978-1-931971-01-0},
  address = {San Jose, CA},
  pages = {49--60},
  publisher = {USENIX Association},
}

@inproceedings{farm-2014,
 author = {Dragojevi\'{c}, Aleksandar and Narayanan, Dushyanth and Hodson, Orion and Castro, Miguel},
 title = {{FaRM: Fast Remote Memory}},
 booktitle = {Proceedings of the 11th USENIX Conference on Networked Systems Design and Implementation},
 series = {NSDI '14},
 year = {2014},
 isbn = {978-1-931971-09-6},
 location = {Seattle, WA},
 pages = {401--414},
 numpages = {14},
 url = {http://dl.acm.org/citation.cfm?id=2616448.2616486},
 acmid = {2616486},
 publisher = {USENIX Association},
 address = {Berkeley, CA},
}

@inproceedings{mica,
 author = {Lim, Hyeontaek and Han, Dongsu and Andersen, David G. and Kaminsky, Michael},
 title = {{MICA: A Holistic Approach to Fast In-memory Key-value Storage}},
 booktitle = {Proceedings of the 11th USENIX Conference on Networked Systems Design and Implementation},
 series = {NSDI '14},
 year = {2014},
 isbn = {978-1-931971-09-6},
 location = {Seattle, WA},
 pages = {429--444},
 numpages = {16},
 url = {http://dl.acm.org/citation.cfm?id=2616448.2616488},
 acmid = {2616488},
 publisher = {USENIX Association},
 address = {Berkeley, CA},
}

@inproceedings{dynamo,
 author = {DeCandia, Giuseppe and Hastorun, Deniz and Jampani, Madan and Kakulapati, Gunavardhan and Lakshman, Avinash and Pilchin, Alex and Sivasubramanian, Swaminathan and Vosshall, Peter and Vogels, Werner},
 title = {{Dynamo: Amazon's Highly Available Key-value Store}},
 booktitle = {Proceedings of 21st ACM SIGOPS Symposium on Operating Systems Principles},
 series = {SOSP '07},
 year = {2007},
 isbn = {978-1-59593-591-5},
 location = {Stevenson, Washington},
 pages = {205--220},
 numpages = {16},
 url = {http://doi.acm.org/10.1145/1294261.1294281},
 doi = {10.1145/1294261.1294281},
 acmid = {1294281},
 publisher = {ACM},
 address = {New York, NY},
 keywords = {performance, reliability, scalability},
}

@inproceedings{rocksteady,
 author = {Kulkarni, Chinmay and Kesavan, Aniraj and Zhang, Tian and
Ricci, Robert and Stutsman, Ryan},
 title = {{Rocksteady: Fast Migration for Low-latency In-memory Storage}},
 booktitle = {Proceedings of the 26th Symposium on Operating Systems
Principles},
 series = {SOSP '17},
 year = {2017},
 isbn = {978-1-4503-5085-3},
 location = {Shanghai, China},
 pages = {390--405},
 numpages = {16},
 url = {http://doi.acm.org/10.1145/3132747.3132784},
 doi = {10.1145/3132747.3132784},
 acmid = {3132784},
 publisher = {ACM},
 address = {New York, NY},
}

@inproceedings{faster,
 author = {Chandramouli, Badrish and Prasaad, Guna and Kossmann, Donald and Levandoski, Justin and Hunter, James and Barnett, Mike},
 title = {FASTER: A Concurrent Key-Value Store with In-Place Updates},
 booktitle = {Proceedings of the 2018 International Conference on Management of Data},
 series = {SIGMOD '18},
 year = {2018},
 isbn = {978-1-4503-4703-7},
 location = {Houston, TX, USA},
 pages = {275--290},
 numpages = {16},
 url = {http://doi.acm.org/10.1145/3183713.3196898},
 doi = {10.1145/3183713.3196898},
 acmid = {3196898},
 publisher = {ACM},
 address = {New York, NY, USA},
 keywords = {concurrent, hash index, high performance, key-value store, latch-free, log-structured storage},
}

@inproceedings{anna,
 author={C. {Wu} and J. {Faleiro} and Y. {Lin} and J. {Hellerstein}},
 booktitle={2018 IEEE 34th International Conference on Data Engineering (ICDE)},
 title={Anna: A KVS for Any Scale},
 year={2018},
 volume={},
 number={},
 pages={401-412},
}

@inproceedings{flexnic,
 author = {Kaufmann, Antoine and Peter, SImon and Sharma, Naveen Kr. and Anderson, Thomas and Krishnamurthy, Arvind},
 title = {High Performance Packet Processing with FlexNIC},
 year = {2016},
 isbn = {9781450340915},
 publisher = {Association for Computing Machinery},
 address = {New York, NY, USA},
 url = {https://doi.org/10.1145/2872362.2872367},
 doi = {10.1145/2872362.2872367},
 booktitle = {Proceedings of the Twenty-First International Conference on Architectural Support for Programming Languages and Operating Systems},
 pages = {67–81},
 numpages = {15},
 keywords = {DMA, network interface card, match-and-action processing, flexible network processing},
 location = {Atlanta, Georgia, USA},
 series = {ASPLOS ’16}
}

@inproceedings{floem,
 author = {Phothilimthana, Phitchaya Mangpo and Liu, Ming and Kaufmann, Antoine and Peter, Simon and Bodik, Rastislav and Anderson, Thomas},
 title = {Floem: A Programming System for NIC-Accelerated Network Applications},
 year = {2018},
 isbn = {9781931971478},
 publisher = {USENIX Association},
 address = {USA},
 booktitle = {Proceedings of the 12th USENIX Conference on Operating Systems Design and Implementation},
 pages = {663–679},
 numpages = {17},
 location = {Carlsbad, CA, USA},
 series = {OSDI’18}
}

@inproceedings{kvdirect,
 author = {Li, Bojie and Ruan, Zhenyuan and Xiao, Wencong and Lu, Yuanwei and Xiong, Yongqiang and Putnam, Andrew and Chen, Enhong and Zhang, Lintao},
 title = {KV-Direct: High-Performance In-Memory Key-Value Store with Programmable NIC},
 booktitle = {Proceedings of the 26th Symposium on Operating Systems Principles},
 series = {SOSP '17},
 year = {2017},
 isbn = {978-1-4503-5085-3},
 location = {Shanghai, China},
 pages = {137--152},
 numpages = {16},
 url = {http://doi.acm.org/10.1145/3132747.3132756},
 doi = {10.1145/3132747.3132756},
 acmid = {3132756},
 publisher = {ACM},
 address = {New York, NY, USA},
 keywords = {Key-Value Store, Performance, Programmable Hardware},
}

@misc{seastar,
 key = {Seastar},
 title = {{Seastar Framework}},
 howpublished = {\url{http://seastar.io}},
 note = {Accessed: 4/22/2020},
}

@book{azure,
author = {Copeland, Marshall and Soh, Julian and Puca, Anthony and Manning, Mike and Gollob, David},
title = {Microsoft Azure: Planning, Deploying, and Managing Your Data Center in the Cloud},
year = {2015},
isbn = {1484210441},
publisher = {Apress},
address = {USA},
edition = {1st}
}

@article{hstore,
 author = {Kallman, Robert and Kimura, Hideaki and Natkins, Jonathan and Pavlo, Andrew and Rasin, Alexander and Zdonik, Stanley and Jones, Evan P. C. and Madden, Samuel and Stonebraker, Michael and Zhang, Yang and Hugg, John and Abadi, Daniel J.},
 title = {{H}-store: {A} {H}igh-performance, {D}istributed {M}ain {M}emory {T}ransaction {P}rocessing {S}ystem},
 journal = {Proc. VLDB Endow.},
 issue_date = {August 2008},
 volume = {1},
 number = {2},
 month = aug,
 year = {2008},
 issn = {2150-8097},
 pages = {1496--1499},
 numpages = {4},
 url = {http://dx.doi.org/10.14778/1454159.1454211},
 doi = {10.14778/1454159.1454211},
 acmid = {1454211},
 publisher = {VLDB Endowment},
}

@article{voltdb,
 author    = {Michael Stonebraker and
              Ariel Weisberg},
 title     = {The VoltDB Main Memory {DBMS}},
 journal   = {{IEEE} Data Eng. Bull.},
 volume    = {36},
 number    = {2},
 pages     = {21--27},
 year      = {2013}
}

@misc{shadowfax,
      title={Achieving High Throughput and Elasticity in a Larger-than-Memory Store}, 
      author={Chinmay Kulkarni and Badrish Chandramouli and Ryan Stutsman},
      year={2020},
      eprint={2006.03206},
      archivePrefix={arXiv},
      primaryClass={cs.DC}
}

@misc{spark-streaming,
 key = {Spark Streaming},
 howpublished = {https://spark.apache.org/streaming/},
 title = {{S}park {S}treaming},
}

@article{trill,
 author = {Chandramouli, Badrish and Goldstein, Jonathan and Barnett, Mike and DeLine, Robert and Fisher, Danyel and Platt, John C. and Terwilliger, James F. and Wernsing, John},
 title = {Trill: A High-performance Incremental Query Processor for Diverse Analytics},
 journal = {Proc. VLDB Endow.},
 issue_date = {December 2014},
 volume = {8},
 number = {4},
 month = dec,
 year = {2014},
 issn = {2150-8097},
 pages = {401--412},
 numpages = {12},
 url = {http://dx.doi.org/10.14778/2735496.2735503},
 doi = {10.14778/2735496.2735503},
 acmid = {2735503},
 publisher = {VLDB Endowment},
}

@inproceedings {spanner,
author = {James C. Corbett and Jeffrey Dean and Michael Epstein and Andrew Fikes and Christopher Frost and JJ Furman and Sanjay Ghemawat and Andrey Gubarev and Christopher Heiser and Peter Hochschild and Wilson Hsieh and Sebastian Kanthak and Eugene Kogan and Hongyi Li and Alexander Lloyd and Sergey Melnik and David Mwaura and David Nagle and Sean Quinlan and Rajesh Rao and Lindsay Rolig and Yasushi Saito and Michal Szymaniak and Christopher Taylor and Ruth Wang and Dale Woodford},
title = {Spanner: Google{\textquoteright}s Globally-Distributed Database},
booktitle = {10th USENIX Symposium on Operating Systems Design and Implementation (OSDI 12)},
year = {2012},
month = Oct,
isbn = {978-1-931971-96-6},
address = {Hollywood, CA},
pages = {251--264},
url = {https://www.usenix.org/conference/osdi12/technical-sessions/presentation/corbett},
publisher = {USENIX Association},
}

@inproceedings{slacker,
 author = {Barker, Sean and Chi, Yun and Moon, Hyun Jin and Hacig\"{u}m\"{u}\c{s}, Hakan and Shenoy, Prashant},
 title = {"{C}ut {M}e {S}ome {S}lack": {L}atency-aware {L}ive {M}igration for {D}atabases},
 booktitle = {Proceedings of the 15th International Conference on Extending Database Technology},
 series = {EDBT '12},
 year = {2012},
 isbn = {978-1-4503-0790-1},
 location = {Berlin, Germany},
 pages = {432--443},
 numpages = {12},
 url = {http://doi.acm.org/10.1145/2247596.2247647},
 doi = {10.1145/2247596.2247647},
 acmid = {2247647},
 publisher = {ACM},
 address = {New York, NY, USA},
 keywords = {PID controller, cloud computing, control theory, database migration, multitenancy},
} 

@inproceedings{squall,
  author = {Elmore, Aaron J. and Arora, Vaibhav and Taft, Rebecca and Pavlo, Andrew and Agrawal, Divyakant and El Abbadi, Amr},
  title = {{S}quall: {F}ine-{G}rained {L}ive {R}econfiguration for {P}artitioned {M}ain {M}emory {D}atabases},
  booktitle = {Proceedings of the 2015 ACM SIGMOD International Conference on Management of Data},
  series = {SIGMOD '15},
  year = {2015},
  isbn = {978-1-4503-2758-9},
  location = {Melbourne, Victoria, Australia},
  pages = {299--313},
  numpages = {15},
  url = {http://doi.acm.org/10.1145/2723372.2723726},
  doi = {10.1145/2723372.2723726},
  acmid = {2723726},
  publisher = {ACM},
  address = {New York, NY, USA},
  keywords = {load-balancing, migration, reconfiguration},
}

@article{estore,
  author = {Taft, Rebecca and Mansour, Essam and Serafini, Marco and Duggan, Jennie and Elmore, Aaron J. and Aboulnaga, Ashraf and Pavlo, Andrew and Stonebraker, Michael},
  title = {{E}-store: {F}ine-grained {E}lastic {P}artitioning for {D}istributed {T}ransaction {P}rocessing {S}ystems},
  journal = {Proc. VLDB Endow.},
  issue_date = {November 2014},
  volume = {8},
  number = {3},
  month = nov,
  year = {2014},
  issn = {2150-8097},
  pages = {245--256},
  numpages = {12},
  url = {http://dx.doi.org/10.14778/2735508.2735514},
  doi = {10.14778/2735508.2735514},
  acmid = {2735514},
  publisher = {VLDB Endowment},
} 

@inproceedings{zephyr,
 author = {Elmore, Aaron J. and Das, Sudipto and Agrawal, Divyakant and El Abbadi, Amr},
 title = {{Z}ephyr: {L}ive {M}igration in {S}hared {N}othing {D}atabases for {E}lastic {C}loud {P}latforms},
 booktitle = {Proceedings of the 2011 ACM SIGMOD International Conference on Management of Data},
 series = {SIGMOD '11},
 year = {2011},
 isbn = {978-1-4503-0661-4},
 location = {Athens, Greece},
 pages = {301--312},
 numpages = {12},
 url = {http://doi.acm.org/10.1145/1989323.1989356},
 doi = {10.1145/1989323.1989356},
 acmid = {1989356},
 publisher = {ACM},
 address = {New York, NY, USA},
 keywords = {cloud computing, database migration, elastic data management, multitenancy, shared nothing architectures},
}

@article{albatross,
 author = {Das, Sudipto and Nishimura, Shoji and Agrawal, Divyakant and El Abbadi, Amr},
 title = {{A}lbatross: {L}ightweight {E}lasticity in {S}hared {S}torage {D}atabases for the {C}loud {U}sing {L}ive {D}ata {M}igration},
 journal = {Proc. VLDB Endow.},
 issue_date = {May 2011},
 volume = {4},
 number = {8},
 month = may,
 year = {2011},
 issn = {2150-8097},
 pages = {494--505},
 numpages = {12},
 url = {http://dx.doi.org/10.14778/2002974.2002977},
 doi = {10.14778/2002974.2002977},
 acmid = {2002977},
 publisher = {VLDB Endowment},
} 

@inproceedings{ramcloud-lsm,
  author = {Stephen M. Rumble and Ankita Kejriwal and John Ousterhout},
  title={{L}og-structured {M}emory for {DRAM}-based {S}torage},
  booktitle = {Proceedings of the 12th USENIX Conference on File and Storage Technologies (FAST 14)},
  year = {2014},
  isbn = {ISBN 978-1-931971-08-9},
  address = {Santa Clara, CA},
  pages = {1--16},
  url = {https://www.usenix.org/conference/fast14/technical-sessions/presentation/rumble},
  publisher = {USENIX},
}

@inproceedings{ramcloud-recovery,
  title={Fast {C}rash {R}ecovery in {RAMC}loud},
  author={Ongaro, Diego and Rumble, Stephen M and Stutsman, Ryan and Ousterhout, John and Rosenblum, Mendel},
  booktitle={Proceedings of the Twenty-Third ACM Symposium on Operating Systems Principles},
  pages={29--41},
  year={2011},
  organization={ACM}
}

@misc{mellanox-cx6,
	Author = {{Mellanox Technologies}},
	Howpublished = {\url{http://www.mellanox.com/page/press_release_item?id=1810}},
	Title = {{Mellanox Announces 200Gb/s HDR InfiniBand Solutions Enabling Record Levels of Performance and Scalability}},
  year={2016},
}

@inproceedings {spark,
  author = {Matei Zaharia and Mosharaf Chowdhury and Tathagata Das and Ankur Dave and Justin Ma and Murphy McCauly and Michael J. Franklin and Scott Shenker and Ion Stoica},
  title = {{R}esilient {D}istributed {D}atasets: {A} {F}ault-{T}olerant {A}bstraction for {I}n-{M}emory {C}luster {C}omputing},
  booktitle = {9th USENIX Symposium on Networked Systems Design and Implementation (NSDI 12)},
  year = {2012},
  isbn = {978-931971-92-8},
  address = {San Jose, CA},
  pages = {15--28},
  url = {https://www.usenix.org/conference/nsdi12/technical-sessions/presentation/zaharia},
  publisher = {USENIX},
}

@article{killer-microseconds,
 author = {Barroso, Luiz and Marty, Mike and Patterson, David and Ranganathan, Parthasarathy},
 title = {{A}ttack of the {K}iller {M}icroseconds},
 journal = {Communications of the ACM},
 issue_date = {April 2017},
 volume = {60},
 number = {4},
 month = mar,
 year = {2017},
 issn = {0001-0782},
 pages = {48--54},
 numpages = {7},
 url = {http://doi.acm.org/10.1145/3015146},
 doi = {10.1145/3015146},
 acmid = {3015146},
 publisher = {ACM},
 address = {New York, NY},
} 

@inproceedings {grappa,
author = {Jacob Nelson and Brandon Holt and Brandon Myers and Preston Briggs and Luis Ceze and Simon Kahan and Mark Oskin},
title = {{Latency-Tolerant Software Distributed Shared Memory}},
booktitle = {2015 USENIX Annual Technical Conference},
series = {USENIX ATC '15},
year = {2015},
month = Jul,
isbn = {978-1-931971-225},
address = {Santa Clara, CA},
pages = {291--305},
url = {http://www.usenix.org/conference/atc15/technical-session/presentation/nelson},
publisher = {USENIX Association},
}

@inproceedings{zygos,
  author    = {George Prekas and
               Marios Kogias and
               Edouard Bugnion},
  title     = {{ZygOS: Achieving Low Tail Latency for Microsecond-scale Networked
               Tasks}},
  booktitle = {Proceedings of the 26th Symposium on Operating Systems Principles},
  series    = {SOSP '17},
  pages     = {325--341},
  year      = {2017},
  address = {Shanghai, China},
  publisher = {ACM}
}

@inproceedings{ix,
  title={{IX: A Protected Dataplane Operating System for High Throughput and Low Latency}},
  author={Belay, Adam and Prekas, George and Klimovic, Ana and Grossman, Samuel and Kozyrakis, Christos and Bugnion, Edouard},
  booktitle={Proceedings of the 11th USENIX Symposium on Operating Systems Design and Implementation},
  series = {OSDI '14},
  pages={49--65},
  year={2014},
  publisher = {USENIX Association},
  address={Broomfield, CO}
}

@inproceedings {netbricks-2016,
 author = {Aurojit Panda and Sangjin Han and Keon Jang and Melvin
 Walls and Sylvia Ratnasamy and Scott Shenker},
 title = {{NetBricks: Taking the V out of NFV}},
 booktitle = {Proceedings of the 12th {USENIX} Symposium on Operating Systems Design
 and Implementation},
 series = {OSDI '16},
 year = {2016},
 isbn = {978-1-931971-33-1},
 address = {Savannah, GA},
 pages = {203--216},
 url = {http://www.usenix.org/conference/osdi16/technical-sessions/presentation/panda},
 publisher = {{USENIX} Association},
}

@misc{rust-2018,
 howpublished = {\url{http://www.rust-lang.org/en-US/}},
 key = {rust},
 title = {{The Rust Programming Language}},
 note = {Accessed: 2018-09-27},
}

@inproceedings{fasst-2016,
author = {Anuj Kalia and Michael Kaminsky and David G. Andersen},
title = {{FaSST: Fast, Scalable and Simple Distributed Transactions with Two-Sided ({RDMA}) Datagram RPCs}},
booktitle = {Proceedings of the 12th {USENIX} Symposium on Operating Systems Design and Implementation},
series = {OSDI '16},
year = {2016},
isbn = {978-1-931971-33-1},
address = {Savannah, GA},
pages = {185--201},
publisher = {{USENIX} Association},
}

@inproceedings{spin,
  title={{E}xtensibility, {S}afety and {P}erformance in the {SPIN} {O}perating {S}ystem},
  author={Bershad, Brian N and Savage, Stefan and Pardyak, Przemyslaw and Sirer, Emin G{\"u}n and Fiuczynski, Marc E and Becker, David and Chambers, Craig and Eggers, Susan},
  booktitle={ACM SIGOPS Operating Systems Review},
  volume={29},
  pages={267--283},
  year={1995},
  organization={ACM}
}

@inproceedings{drtm,
 author = {Wei, Xingda and Shi, Jiaxin and Chen, Yanzhe and Chen, Rong and Chen, Haibo},
 title = {{Fast In-memory Transaction Processing Using RDMA and HTM}},
 booktitle = {Proceedings of the 25th Symposium on Operating Systems Principles},
 series = {SOSP '15},
 year = {2015},
 isbn = {978-1-4503-3834-9},
 location = {Monterey, California},
 pages = {87--104},
 numpages = {18},
 url = {http://doi.acm.org/10.1145/2815400.2815419},
 doi = {10.1145/2815400.2815419},
 acmid = {2815419},
 publisher = {ACM},
 address = {New York, NY},
}

@inproceedings{ramcloud-rifl,
  author = {Lee, Collin and Park, Seo Jin and Kejriwal, Ankita and Matsushita, Satoshi and Ousterhout, John},
  title = {Implementing Linearizability at Large Scale and Low Latency},
  booktitle = {Proceedings of the 25th Symposium on Operating Systems Principles},
  series = {SOSP '15},
  year = {2015},
  isbn = {978-1-4503-3834-9},
  location = {Monterey, California},
  pages = {71--86},
  numpages = {16},
  url = {http://doi.acm.org/10.1145/2815400.2815416},
  doi = {10.1145/2815400.2815416},
  acmid = {2815416},
  publisher = {ACM},
  address = {New York, NY, USA},
}

@inproceedings {ramcloud-slik,
  author = {Ankita Kejriwal and Arjun Gopalan and Ashish Gupta and Zhihao Jia and Stephen Yang and John Ousterhout},
  title = {{SLIK}: {S}calable {L}ow-{L}atency {I}ndexes for a {K}ey-{V}alue {S}tore},
  booktitle = {2016 USENIX Annual Technical Conference (USENIX ATC 16)},
  year = {2016},
  month = Jun,
  isbn = {978-1-931971-30-0},
  address = {Denver, CO},
  pages = {57--70},
  url = {https://www.usenix.org/conference/atc16/technical-sessions/presentation/kejriwal},
  publisher = {USENIX Association},
}

@inproceedings{chord,
  Author = {I. Stoica and R. Morris and D. Karger and M. F. Kaashoek and H. Balakrishnan},
  Booktitle = {Proceedings of the 2001 Conference on Applications, Technologies, Architectures, and Protocols for Computer Communications},
  Title = {Chord: A scalable peer-to-peer lookup service for Internet applications},
  Year = {2001}
}

@misc{cassandra,
  Author = {{The Apache Software Foundation}},
  Howpublished = {\url{http://cassandra.apache.org/}},
  Title = {{Apache Cassandra}}
}

@inproceedings{sinfonia,
 author = {Aguilera, Marcos K. and Merchant, Arif and Shah, Mehul and Veitch, Alistair and Karamanolis, Christos},
 title = {{Sinfonia: A New Paradigm for Building Scalable Distributed Systems}},
 booktitle = {Proceedings of Twenty-first ACM SIGOPS Symposium on Operating Systems Principles},
 series = {SOSP '07},
 year = {2007},
 isbn = {978-1-59593-591-5},
 location = {Stevenson, Washington, USA},
 pages = {159--174},
 numpages = {16},
 url = {http://doi.acm.org/10.1145/1294261.1294278},
 doi = {10.1145/1294261.1294278},
 acmid = {1294278},
 publisher = {ACM},
 address = {New York, NY, USA},
 keywords = {distributed systems, fault tolerance, scalability, shared memory, transactions, two-phase commit},
}

@inproceedings {ongaro:raft,
  author = {Diego Ongaro and John Ousterhout},
  title = {{I}n {S}earch of an {U}nderstandable {C}onsensus {A}lgorithm},
  booktitle = {2014 USENIX Annual Technical Conference (USENIX ATC 14)},
  year = {2014},
  isbn = {978-1-931971-10-2},
  address = {Philadelphia, PA},
  pages = {305--319},
  publisher = {USENIX Association},
}

@misc{ethernet,
  Author = {{IEEE}},
  Howpublished = {\url{https://standards.ieee.org/findstds/standard/802.3-2015.html}},
  Title = {{802.3-2015 - IEEE Standard for Ethernet}}
}

@inproceedings{morsel-driven-parallelism,
 author = {Leis, Viktor and Boncz, Peter and Kemper, Alfons and Neumann, Thomas},
 title = {{M}orsel-driven {P}arallelism: {A} {NUMA}-aware {Q}uery {E}valuation {F}ramework for the {M}any-core {A}ge},
 booktitle = {Proceedings of the 2014 ACM SIGMOD International Conference on Management of Data},
 series = {SIGMOD '14},
 year = {2014},
 isbn = {978-1-4503-2376-5},
 location = {Snowbird, Utah, USA},
 pages = {743--754},
 numpages = {12},
 url = {http://doi.acm.org/10.1145/2588555.2610507},
 doi = {10.1145/2588555.2610507},
 acmid = {2610507},
 publisher = {ACM},
 address = {New York, NY, USA},
 keywords = {NUMA-awareness, morsel-driven parallelism},
}

@book{computer-architecture,
  title={{C}omputer {A}rchitecture: {A} {Q}uantitative {A}pproach},
  author={Hennessy, John L and Patterson, David A},
  year={2011},
  publisher={Elsevier}
}

@inproceedings{sparrow,
 author = {Ousterhout, Kay and Wendell, Patrick and Zaharia, Matei and Stoica, Ion},
 title = {{S}parrow: {D}istributed, {L}ow {L}atency {S}cheduling},
 booktitle = {Proceedings of the Twenty-Fourth ACM Symposium on Operating Systems Principles},
 series = {SOSP '13},
 year = {2013},
 isbn = {978-1-4503-2388-8},
 location = {Farminton, Pennsylvania},
 pages = {69--84},
 numpages = {16},
 url = {http://doi.acm.org/10.1145/2517349.2522716},
 doi = {10.1145/2517349.2522716},
 acmid = {2522716},
 publisher = {ACM},
 address = {New York, NY, USA},
}

@inproceedings{kesavan:copy,
  author = {Aniraj Kesavan and Robert Ricci and Ryan Stutsman},
  title = {{T}o {C}opy or {N}ot to {C}opy: {M}aking {I}n-{M}emory {D}atabases {F}ast on {M}odern {NIC}s},
  booktitle = {4th Workshop on In-memory Data Management},
  year = 2017
}

@Misc{ddio,
  title = {{Intel}\textregistered {D}ata {D}irect {I/O} Technology},
  key = {ddio},
  howpublished = {\url{http://www.intel.com/content/www/us/en/io/data-direct-i-o-technology.html}},
  note={Accessed: 10-19-2016}
}

@inproceedings {stutsman:dcft,
  author = {Ryan Stutsman and Collin Lee and John Ousterhout},
  title = {{E}xperience with {R}ules-{B}ased {P}rogramming for {D}istributed, {C}oncurrent, {F}ault-{T}olerant {C}ode},
  booktitle = {USENIX ATC},
  year = {2015},
  month = Jul,
  isbn = {978-1-931971-225},
  address = {Santa Clara, CA},
  url = {https://www.usenix.org/conference/atc15/technical-session/presentation/stutsman},
}

@misc{dpdk,
  title = {{D}ata {P}lane {D}evelopment {K}it},
  key = {dpdk},
  howpublished = {\url{http://dpdk.org/}},
  note = {4/10/2017},
}

@inproceedings{ycsb,
 author = {Cooper, Brian F. and Silberstein, Adam and Tam, Erwin and Ramakrishnan, Raghu and Sears, Russell},
 title = {{B}enchmarking {C}loud {S}erving {S}ystems with {YCSB}},
 booktitle = {Proceedings of the 1st ACM Symposium on Cloud Computing},
 series = {SoCC '10},
 year = {2010},
 isbn = {978-1-4503-0036-0},
 location = {Indianapolis, Indiana, USA},
 pages = {143--154},
 numpages = {12},
 acmid = {1807152},
 publisher = {ACM},
 address = {New York, NY, USA},
 keywords = {benchmarking, cloud serving database},
}

@article{cloudlab,
  title={{Introducing CloudLab: Scientific Infrastructure for Advancing Cloud Architectures and Applications}},
  author={Ricci, Robert and Eide, Eric},
  journal={; login:},
  volume={39},
  number={6},
  pages={36--38},
  year={2014},
  publisher={Usenix}
}

@misc{redis,
  title = {{R}edis},
  key = {redis},
  howpublished = {\url{http://redis.io/}},
  note = {7/24/2015}
}

@inproceedings{prorea,
 author = {Schiller, Oliver and Cipriani, Nazario and Mitschang, Bernhard},
 title = {{P}ro{R}ea: {L}ive {D}atabase {M}igration for {M}ulti-tenant {RDBMS} with {S}napshot {I}solation},
 booktitle = {Proceedings of the 16th International Conference on Extending Database Technology},
 series = {EDBT '13},
 year = {2013},
 isbn = {978-1-4503-1597-5},
 location = {Genoa, Italy},
 pages = {53--64},
 numpages = {12},
 url = {http://doi.acm.org/10.1145/2452376.2452384},
 doi = {10.1145/2452376.2452384},
 acmid = {2452384},
 publisher = {ACM},
 address = {New York, NY, USA},
 keywords = {RDBMS, cloud computing, database live migration, multi-tenancy, snapshot isolation},
}

@inproceedings{herd,
  author = {Kalia, Anuj and Kaminsky, Michael and Andersen, David G.},
  title = {{U}sing {RDMA} {E}fficiently for {K}ey-value {S}ervices},
  booktitle = {Proceedings of the 2014 ACM Conference on SIGCOMM},
  series = {SIGCOMM '14},
  year = {2014},
  isbn = {978-1-4503-2836-4},
  location = {Chicago, Illinois, USA},
  pages = {295--306},
  numpages = {12},
  url = {http://doi.acm.org/10.1145/2619239.2626299},
  doi = {10.1145/2619239.2626299},
  acmid = {2626299},
  publisher = {ACM},
  address = {New York, NY, USA},
  keywords = {RDMA, ROCE, infiniband, key-value stores},
}

@inproceedings {rdma-guidelines,
  author = {Anuj Kalia and Michael Kaminsky and David G. Andersen},
  title = {{D}esign {G}uidelines for {H}igh {P}erformance {RDMA} {S}ystems},
  booktitle = {2016 USENIX Annual Technical Conference (USENIX ATC 16)},
  year = {2016},
  month = Jun,
  isbn = {978-1-931971-30-0},
  address = {Denver, CO},
  pages = {437--450},
  url = {https://www.usenix.org/conference/atc16/technical-sessions/presentation/kalia},
  publisher = {USENIX Association},
}

@inproceedings{billions,
 author = {Li, Sheng and Lim, Hyeontaek and Lee, Victor W. and Ahn, Jung Ho and Kalia, Anuj and Kaminsky, Michael and Andersen, David G. and Seongil, O. and Lee, Sukhan and Dubey, Pradeep},
 title = {Architecting to Achieve a Billion Requests Per Second Throughput on a Single Key-value Store Server Platform},
 booktitle = {Proceedings of the 42nd Annual International Symposium on Computer Architecture},
 series = {ISCA '15},
 year = {2015},
 isbn = {978-1-4503-3402-0},
 location = {Portland, Oregon},
 pages = {476--488},
 numpages = {13},
 url = {http://doi.acm.org/10.1145/2749469.2750416},
 doi = {10.1145/2749469.2750416},
 acmid = {2750416},
 publisher = {ACM},
 address = {New York, NY, USA},
}

@inproceedings{arrakis,
  title={Arrakis: The operating system is the control plane},
  author={Peter, Simon and Li, Jialin and Zhang, Irene and Ports, Dan RK and Woos, Doug and Krishnamurthy, Arvind and Anderson, Thomas and Roscoe, Timothy},
  booktitle={Proceedings of the 11th Symposium on Operating Systems Design and Implementation (OSDI'14)},
  year={2014}
}

@inproceedings{silo,
  title={{S}peedy {T}ransactions in {M}ulticore {I}n-memory {D}atabases},
  author={Tu, Stephen and Zheng, Wenting and Kohler, Eddie and Liskov, Barbara and Madden, Samuel},
  booktitle={Proceedings of the Twenty-Fourth ACM Symposium on Operating Systems Principles},
  pages={18--32},
  year={2013},
  organization={ACM}
}

@inproceedings{silor,
 author = {Zheng, Wenting and Tu, Stephen and Kohler, Eddie and Liskov,
Barbara},
 title = {Fast Databases with Fast Durability and Recovery Through
Multicore Parallelism},
 booktitle = {Proceedings of the 11th USENIX Conference on Operating
Systems Design and Implementation},
 series = {OSDI'14},
 year = {2014},
 isbn = {978-1-931971-16-4},
 location = {Broomfield, CO},
 pages = {465--477},
 numpages = {13},
 url = {http://dl.acm.org/citation.cfm?id=2685048.2685085},
 acmid = {2685085},
 publisher = {USENIX Association},
 address = {Berkeley, CA, USA},
}

@inproceedings {drtmb,
author = {Xingda Wei and Sijie Shen and Rong Chen and Haibo Chen},
title = {Replication-driven Live Reconfiguration for Fast Distributed
Transaction Processing},
booktitle = {2017 {USENIX} Annual Technical Conference ({USENIX} {ATC}
17)},
year = {2017},
isbn = {978-1-931971-38-6},
address = {Santa Clara, CA},
pages = {335--347},
url =
{https://www.usenix.org/conference/atc17/technical-sessions/presentation/wei},
publisher = {{USENIX} Association},
}

@inproceedings {meltdown-2018,
author = {Moritz Lipp and Michael Schwarz and Daniel Gruss and Thomas Prescher and Werner Haas and Anders Fogh and Jann Horn and Stefan Mangard and Paul Kocher and Daniel Genkin and Yuval Yarom and Mike Hamburg},
title = {Meltdown: Reading Kernel Memory from User Space},
booktitle = {Proceedings of the 27th {USENIX} Security Symposium ({USENIX} Security 18)},
year = {2018},
isbn = {978-1-931971-46-1},
address = {Baltimore, MD},
pages = {973--990},
url = {https://www.usenix.org/conference/usenixsecurity18/presentation/lipp},
publisher = {{USENIX} Association},
}

@misc{kpti-2018,
 author = {Corbet, Jonathan},
 howpublished = {\url{http://lwn.net/Articles/738975/}},
 title = {{KAISER: hiding the kernel from user space}},
 note = {Accessed: 2018-09-27}
}

@article{bigtable-2008,
 author = {Chang, Fay and Dean, Jeffrey and Ghemawat, Sanjay and Hsieh, Wilson C. and Wallach, Deborah A. and Burrows, Mike and Chandra, Tushar and Fikes, Andrew and Gruber, Robert E.},
 title = {{Bigtable: A Distributed Storage System for Structured Data}},
 journal = {ACM Transactions on Computer Systems (TOCS)},
 issue_date = {June 2008},
 volume = {26},
 number = {2},
 month = jun,
 year = {2008},
 issn = {0734-2071},
 pages = {4:1--4:26},
 articleno = {4},
 numpages = {26},
 url = {http://doi.acm.org/10.1145/1365815.1365816},
 doi = {10.1145/1365815.1365816},
 acmid = {1365816},
 publisher = {ACM},
 address = {New York, NY},
 keywords = {Large-Scale Distributed Storage},
}

@article{erpc-arxiv,
  author    = {Anuj Kalia and
               Michael Kaminsky and
               David G. Andersen},
  title     = {{D}atacenter {RPC}s can be {G}eneral and {F}ast},
  journal   = {CoRR},
  volume    = {abs/1806.00680},
  year      = {2018},
  url       = {http://arxiv.org/abs/1806.00680},
  archivePrefix = {arXiv},
  eprint    = {1806.00680},
  timestamp = {Mon, 13 Aug 2018 16:49:06 +0200},
  biburl    = {https://dblp.org/rec/bib/journals/corr/abs-1806-00680},
  bibsource = {dblp computer science bibliography, https://dblp.org}
}

@inproceedings{llvm,
  title={{LLVM}: A compilation framework for lifelong program analysis \& transformation},
  author={Lattner, Chris and Adve, Vikram},
  booktitle={Proceedings of the international symposium on Code generation and optimization: feedback-directed and runtime optimization},
  series = {CGO '04},
  pages={75--86},
  year={2004},
  organization={IEEE}
}

@article{rustbelt-2018,
  author    = {Ralf Jung and
               Jacques{-}Henri Jourdan and
               Robbert Krebbers and
               Derek Dreyer},
  title     = {{R}ust{B}elt: {S}ecuring the {F}oundations of the {R}ust {P}rogramming {L}anguage},
  journal   = {Proceedings of the ACM on Programming Languages},
  volume    = {2},
  series = {POPL '18},
  pages     = {66:1--66:34},
  year      = {2018},
  publisher = {ACM}}
}

@misc{rustc-unsound,
 author = {Ralf Jung},
 howpublished = {\url{http://github.com/rust-lang/rust/issues/28728}},
 title = {{LLVM} loop optimization can make safe programs crash \#28728},
 note = {Accessed: 2018-09-27},
 year = {2018}
}

@misc{llvm-spectre,
author = {Carruth, Chandler},
 howpublished = {\url{http://reviews.llvm.org/rL336990}},
 title = {[{SLH}] {I}ntroduce a new pass to do {S}peculative {L}oad {H}ardening to mitigate},
 note = {Accessed: 2018-09-27},
 year = {2018}
}

@misc{linux-spectre,
 author = {Corbet, Jonathan},
 howpublished = {\url{http://lwn.net/Articles/744287/}},
 title = {{M}eltdown/{S}pectre mitigation for 4.15 and beyond},
 note = {Accessed: 2018-09-27},
 year = {2018}
}

@article{sbo,
  author    = {Vladimir Kiriansky and
               Carl Waldspurger},
  title     = {{S}peculative {B}uffer {O}verflows: {A}ttacks and {D}efenses},
  journal   = {CoRR},
  volume    = {abs/1807.03757},
  year      = {2018},
  url       = {http://arxiv.org/abs/1807.03757},
  archivePrefix = {arXiv},
  eprint    = {1807.03757},
}

@inproceedings {arachne-2018,
 author = {Henry Qin and Qian Li and Jacqueline Speiser and Peter Kraft and John Ousterhout},
 title = {{A}rachne: {C}ore-{A}ware {T}hread {M}anagement},
 booktitle = {Proceedings of the 13th USENIX Symposium on Operating Systems Design and Implementation},
 series = {OSDI '2018},
 year = {2018},
 address = {Carlsbad, CA},
 publisher = {{USENIX} Association},
}

@inproceedings{spectre-2018,
 author = {Paul Kocher and Jann Horn and Anders Fogh and and Daniel Genkin and Daniel Gruss and Werner Haas and Mike Hamburg and Moritz Lipp and Stefan Mangard and Thomas Prescher and Michael Schwarz and Yuval Yarom},
 title = {{Spectre Attacks: Exploiting Speculative Execution}},
 booktitle = {Proceedings of the 40th IEEE Symposium on Security and Privacy},
 series = {S\&P '19},
 year = {2019}
}
